<?xml version="1.0" encoding="UTF-8" ?><marc:collection xmlns:marc="http://www.loc.gov/MARC21/slim" xmlns:xsi="http://www.w3.org/2001/XMLSchema-instance" xsi:schemaLocation="http://www.loc.gov/MARC21/slim http://www.loc.gov/standards/marcxml/schema/MARC21slim.xsd">
<marc:record><marc:leader>04912cam a2200661Ii 4500</marc:leader>
<marc:controlfield tag="001">b12224662</marc:controlfield>
<marc:controlfield tag="003">UaCaAUL</marc:controlfield><marc:controlfield tag="005">20180214011155.0</marc:controlfield><marc:controlfield tag="008">920212s1936    ua abc   b    001 0 ara d</marc:controlfield><marc:datafield tag="035" ind1=" " ind2=" "><marc:subfield code="a">(OCoLC)25262949</marc:subfield></marc:datafield><marc:datafield tag="040" ind1=" " ind2=" "><marc:subfield code="a">Recon MBB</marc:subfield><marc:subfield code="b">eng</marc:subfield><marc:subfield code="e">rda</marc:subfield><marc:subfield code="c">MBB</marc:subfield><marc:subfield code="d">OCL</marc:subfield><marc:subfield code="d">OCLCQ</marc:subfield><marc:subfield code="d">OCLCG</marc:subfield><marc:subfield code="d">OCLCQ</marc:subfield><marc:subfield code="d">OCLCA</marc:subfield><marc:subfield code="d">OCLCQ</marc:subfield><marc:subfield code="d">OCLCO</marc:subfield><marc:subfield code="d">OCLCF</marc:subfield><marc:subfield code="d">OCLCQ</marc:subfield><marc:subfield code="d">MEAUC</marc:subfield></marc:datafield><marc:datafield tag="041" ind1="1" ind2=" "><marc:subfield code="a">ara</marc:subfield><marc:subfield code="h">eng</marc:subfield></marc:datafield><marc:datafield tag="049" ind1=" " ind2=" "><marc:subfield code="a">MAIN</marc:subfield></marc:datafield><marc:datafield tag="050" ind1=" " ind2="4"><marc:subfield code="a">D199.3</marc:subfield><marc:subfield code="b">.A713</marc:subfield></marc:datafield><marc:datafield tag="066" ind1=" " ind2=" "><marc:subfield code="c">(3</marc:subfield><marc:subfield code="c">(4</marc:subfield></marc:datafield><marc:datafield tag="090" ind1=" " ind2=" "><marc:subfield code="a">DS36.85</marc:subfield><marc:subfield code="b">.A712x 1936</marc:subfield></marc:datafield><marc:datafield tag="100" ind1="1" ind2=" "><marc:subfield code="a">Guillaume, Alfred,</marc:subfield><marc:subfield code="d">1888-1965,</marc:subfield><marc:subfield code="e">author.</marc:subfield></marc:datafield><marc:datafield tag="245" ind1="1" ind2="0"><marc:subfield code="6">880-01</marc:subfield><marc:subfield code="a">Turāth al-Islām =</marc:subfield><marc:subfield code="b">The Legacy of Islam.</marc:subfield></marc:datafield><marc:datafield tag="246" ind1="3" ind2="1"><marc:subfield code="a">Legacy of Islam.</marc:subfield></marc:datafield><marc:datafield tag="264" ind1=" " ind2="1"><marc:subfield code="6">880-02</marc:subfield><marc:subfield code="a">[Cairo] :</marc:subfield><marc:subfield code="b">Maṭbaʻat Lajnat al-Taʼlīf wa-al-Tarjamah wa-al-Nashr,</marc:subfield><marc:subfield code="c">1936.</marc:subfield></marc:datafield><marc:datafield tag="300" ind1=" " ind2=" "><marc:subfield code="a">2 volumes in 1, 32 leaves of plates :</marc:subfield><marc:subfield code="b">illustrations, folded map;</marc:subfield><marc:subfield code="c">20 cm.</marc:subfield></marc:datafield><marc:datafield tag="336" ind1=" " ind2=" "><marc:subfield code="a">text</marc:subfield><marc:subfield code="b">txt</marc:subfield><marc:subfield code="2">rdacontent.</marc:subfield></marc:datafield><marc:datafield tag="337" ind1=" " ind2=" "><marc:subfield code="a">unmediated</marc:subfield><marc:subfield code="b">n</marc:subfield><marc:subfield code="2">rdamedia.</marc:subfield></marc:datafield><marc:datafield tag="338" ind1=" " ind2=" "><marc:subfield code="a">volume</marc:subfield><marc:subfield code="b">nc</marc:subfield><marc:subfield code="2">rdacarrier.</marc:subfield></marc:datafield><marc:datafield tag="500" ind1=" " ind2=" "><marc:subfield code="6">880-03</marc:subfield><marc:subfield code="a">At head of title page: Lajnat al-Jāmiʻyīn li-Nashr al-ʻIlm.</marc:subfield></marc:datafield><marc:datafield tag="500" ind1=" " ind2=" "><marc:subfield code="a">Includes Errata page.</marc:subfield></marc:datafield><marc:datafield tag="500" ind1=" " ind2=" "><marc:subfield code="a">Volume 1. lacks plates 1-2, 6, 11 - volume 2. lacks plates 2, 9, 17.</marc:subfield></marc:datafield><marc:datafield tag="504" ind1=" " ind2=" "><marc:subfield code="a">Includes bibliographical references and indexes.</marc:subfield></marc:datafield><marc:datafield tag="505" ind1="0" ind2=" "><marc:subfield code="6">880-04</marc:subfield><marc:subfield code="a">al-Juzʼ al-awwal. 1- Asbānyā wa-al-Burtughāl / waḍaʻahu J.B. Trind ; ʻarrabahu wa-ʻallaqa ʻalayhi Ḥusayn Muʼnis -- 2. al-Ḥurūb al-Ṣalībīyah / waḍaʻahu Īrnist Bārkar ; ʻarrabahu ʻAlī Aḥmad ʻĪsá -- 3. al-Adab /  waḍaʻahu H.A.R. Jibb ; ʻarrabahu wa-ʻallaqa ʻalayhi ʻAbd al-Laṭīf Maḥmūd Ḥamzah -- 3. al-Falsafah wa-al-ilāhīyāt / waḍaʻahu Alfrid Jīyūm ; ʻarrabahu wa-ʻallaqa ʻalayhi Tawfīq al-Ṭawīl -- al-Juzʼ al-thānī. 1- al-Funūn al-Islāmīyah al-farʻīyah wa-taʼthīrahā fī al-funūn al-Ūrubbīyah / katabahu bi-al-Injilīzīyah A. H. Christie -- 2- al-Fann al-Islāmī wa-taʼthīrahu fī al-taṣwīr fī Ūrūbbā / katabahu bi-al-Injilīzīyah Thomas Arnold -- Fann al-ʻimārah /  katabahu bi-al-Injilīzīyah Martin S. Briggs -- al-muqaddimah waḍaʻahā Alfrid Jīyūm ; wa-ʻarrabahā Khaṭṭāb ʻAṭīyah.</marc:subfield></marc:datafield><marc:datafield tag="650" ind1=" " ind2="0"><marc:subfield code="a">Islamic civilization.</marc:subfield></marc:datafield><marc:datafield tag="650" ind1=" " ind2="0"><marc:subfield code="a">Islamic art</marc:subfield><marc:subfield code="x">Influence.</marc:subfield></marc:datafield><marc:datafield tag="650" ind1=" " ind2="0"><marc:subfield code="a">Islamic architecture</marc:subfield><marc:subfield code="x">Influence.</marc:subfield></marc:datafield><marc:datafield tag="700" ind1="1" ind2=" "><marc:subfield code="a">Trend, J. B.</marc:subfield><marc:subfield code="q">(John Brande),</marc:subfield><marc:subfield code="d">1887-1958,</marc:subfield><marc:subfield code="e">contributor.</marc:subfield></marc:datafield><marc:datafield tag="700" ind1="1" ind2=" "><marc:subfield code="6">880-05</marc:subfield><marc:subfield code="a">Muʼnis, Ḥusayn,</marc:subfield><marc:subfield code="d">1911-</marc:subfield><marc:subfield code="e">translator.</marc:subfield></marc:datafield><marc:datafield tag="700" ind1="1" ind2=" "><marc:subfield code="a">Barker, Ernest,</marc:subfield><marc:subfield code="c">Sir,</marc:subfield><marc:subfield code="d">1874-1960,</marc:subfield><marc:subfield code="e">contributor.</marc:subfield></marc:datafield><marc:datafield tag="700" ind1="1" ind2=" "><marc:subfield code="6">880-06</marc:subfield><marc:subfield code="a">ʻĪsá, ʻAlī Aḥmad,</marc:subfield><marc:subfield code="e">translator.</marc:subfield></marc:datafield><marc:datafield tag="700" ind1="1" ind2=" "><marc:subfield code="a">Gibb, H. A. R.</marc:subfield><marc:subfield code="q">(Hamilton Alexander Rosskeen),</marc:subfield><marc:subfield code="d">1895-1971,</marc:subfield><marc:subfield code="e">contributor.</marc:subfield></marc:datafield><marc:datafield tag="700" ind1="1" ind2=" "><marc:subfield code="6">880-07</marc:subfield><marc:subfield code="a">Ḥamzah, ʻAbd al-Laṭīf Maḥmūd,</marc:subfield><marc:subfield code="e">translator.</marc:subfield></marc:datafield><marc:datafield tag="700" ind1="1" ind2=" "><marc:subfield code="6">880-08</marc:subfield><marc:subfield code="a">Ṭawīl, Tawfīq,</marc:subfield><marc:subfield code="e">translator.</marc:subfield></marc:datafield><marc:datafield tag="700" ind1="1" ind2=" "><marc:subfield code="6">880-09</marc:subfield><marc:subfield code="a">ʻAlī, Khaṭṭāb ʻAṭīyah,</marc:subfield><marc:subfield code="e">translator.</marc:subfield></marc:datafield><marc:datafield tag="700" ind1="1" ind2=" "><marc:subfield code="a">Christie, A. H.</marc:subfield><marc:subfield code="q">(Abel H.),</marc:subfield><marc:subfield code="e">contributor.</marc:subfield></marc:datafield><marc:datafield tag="700" ind1="1" ind2=" "><marc:subfield code="a">Briggs, Martin S.</marc:subfield><marc:subfield code="q">(Martin Shaw),</marc:subfield><marc:subfield code="d">1882-1977,</marc:subfield><marc:subfield code="e">contributor.</marc:subfield></marc:datafield><marc:datafield tag="700" ind1="1" ind2=" "><marc:subfield code="a">Arnold, Thomas Walker,</marc:subfield><marc:subfield code="c">Sir,</marc:subfield><marc:subfield code="d">1864-1930,</marc:subfield><marc:subfield code="e">contributor.</marc:subfield></marc:datafield><marc:datafield tag="710" ind1="2" ind2=" "><marc:subfield code="6">880-10</marc:subfield><marc:subfield code="a">Lajnat al-Jāmiʻyīn li-Nashr al-ʻIlm.</marc:subfield></marc:datafield><marc:datafield tag="880" ind1=" " ind2=" "><marc:subfield code="6">500-03/(3/r</marc:subfield><marc:subfield code="a">At head of title page: لجنة الجامعيين لنشر العلم..</marc:subfield></marc:datafield><marc:datafield tag="880" ind1="1" ind2="0"><marc:subfield code="6">245-01/(3/r</marc:subfield><marc:subfield code="a">تراث الإسلام = The Legacy of Islam.</marc:subfield></marc:datafield><marc:datafield tag="880" ind1=" " ind2="1"><marc:subfield code="6">264-02/(3/r</marc:subfield><marc:subfield code="a">[Cairo] :</marc:subfield><marc:subfield code="b">مطبعة لجنة التأليف والترجمة والنشر،‪</marc:subfield><marc:subfield code="c">1936.</marc:subfield></marc:datafield><marc:datafield tag="880" ind1="0" ind2=" "><marc:subfield code="6">505-04/(3/r</marc:subfield><marc:subfield code="a">الجزء الأول. 1 أسبانيا والبرتغال / وضعه ج.ب. ترند ؛ عربه وعلق عليه حسين مؤنس -- 2. الحروب الصليبية / وضعه ايرنست باركر ؛ عربه علي أحمد عيسى -- 3. الأدب /  وضعه ه..ر. جب ؛ عربه وعلق عليه عبد اللطيف محمود حمزة -- 3. الفلسفة والإلهيات / وضعه الفرد جيوم ؛ عربه وعلق عليه توفيق الطويل -- الجزء الثاني 1 الفنون الإسلامية الفرعية وتأثيرها في الفنون الأوربية / كتبه بالإنجليزية A. H. Christie-- 2 الفن الإسلامي وتأثيره في التصوير في أوروبا / كتبه بالإنجليزية Thomas Arnold -- فن العمارة /  كتبه بالإنجليزية Martin S. Briggs-- المقدمة وضعها الفرد جيوم ؛ وعربها خطاب عطية..</marc:subfield></marc:datafield><marc:datafield tag="880" ind1="1" ind2=" "><marc:subfield code="6">700-05/(3/r</marc:subfield><marc:subfield code="a">مؤنس، حسين،‪</marc:subfield><marc:subfield code="d">1911-.</marc:subfield></marc:datafield><marc:datafield tag="880" ind1="1" ind2=" "><marc:subfield code="6">700-06/(3/r</marc:subfield><marc:subfield code="a">عيسى، علي أحمد..</marc:subfield></marc:datafield><marc:datafield tag="880" ind1="1" ind2=" "><marc:subfield code="6">700-07/(3/r</marc:subfield><marc:subfield code="a">حمزة، عبد اللطيف محمود..</marc:subfield></marc:datafield><marc:datafield tag="880" ind1="1" ind2=" "><marc:subfield code="6">700-08/(3/r</marc:subfield><marc:subfield code="a">طويل، توفيق..</marc:subfield></marc:datafield><marc:datafield tag="880" ind1="1" ind2=" "><marc:subfield code="6">700-09/(3/r</marc:subfield><marc:subfield code="a">علي، خطاب عطية..</marc:subfield></marc:datafield><marc:datafield tag="880" ind1="2" ind2=" "><marc:subfield code="6">710-10/(3/r</marc:subfield><marc:subfield code="a">لجنة الجامعيين لنشر العلم..</marc:subfield></marc:datafield><marc:datafield tag="907" ind1=" " ind2=" "><marc:subfield code="a">.b12224662</marc:subfield><marc:subfield code="b">main </marc:subfield></marc:datafield><marc:datafield tag="902" ind1=" " ind2=" "><marc:subfield code="a">180326</marc:subfield></marc:datafield><marc:datafield tag="998" ind1=" " ind2=" "><marc:subfield code="b">1</marc:subfield><marc:subfield code="c">010611</marc:subfield><marc:subfield code="d">m</marc:subfield><marc:subfield code="e">a</marc:subfield><marc:subfield code="f">-</marc:subfield><marc:subfield code="g">0</marc:subfield><marc:subfield code="k">MAH</marc:subfield></marc:datafield><marc:datafield tag="945" ind1=" " ind2=" "><marc:subfield code="l">main </marc:subfield><marc:subfield code="u">v.v.1-2</marc:subfield></marc:datafield></marc:record>
</marc:collection>
